@article{NSAHacking,
    year={2014},
    issn={1614-0702},
    journal={Datenschutz und Datensicherheit - DuD},
    volume={38},
    number={1},
    doi={10.1007/s11623-014-0010-3},
    title={NSA, IT-Sicherheit und die Folgen},
    url={http://dx.doi.org/10.1007/s11623-014-0010-3},
    publisher={Springer Fachmedien Wiesbaden},
    author={Ruhmann, Ingo},
    pages={40-46},
    language={German}
}

@article{SecurityinCI,
    author  = "Thomas Stiehm and Gene Gotimer",
    title   = "Building Security In Using Continuous Integration",
    journal = "CrossTalk",
    year    = "2010",
    pages   = "24-27",
    month   = "feb",
    url = "http://www.crosstalkonline.org/storage/issue-archives/2010/201003/201003-Stiehm.pdf"
}

@proceedings{InformationVisualizationBook,
  editor    = {Jean{-}Daniel Fekete and
               Andreas Kerren and
               Chris North and
               John T. Stasko},
  title     = {Information Visualization - Human-Centered Issues in Visual Representation,
               Interaction, and Evaluation, 28.05. - 01.06.2007},
  series    = {Dagstuhl Seminar Proceedings},
  volume    = {07221},
  publisher = {Internationales Begegnungs- und Forschungszentrum fuer Informatik
               (IBFI), Schloss Dagstuhl, Germany},
  year      = {2007},
  url       = {http://drops.dagstuhl.de/portals/07221/},
  timestamp = {Thu, 07 May 4460595 11:14:40 +man-Centerq},
  biburl    = {http://dblp.uni-trier.de/rec/bib/conf/dagstuhl/2007P7221},
  bibsource = {dblp computer science bibliography, http://dblp.org}
}

@inproceedings{15yearsUsabilityEvaluation,
 author = {Hollingsed, Tasha and Novick, David G.},
 title = {Usability Inspection Methods After 15 Years of Research and Practice},
 booktitle = {Proceedings of the 25th Annual ACM International Conference on Design of Communication},
 series = {SIGDOC '07},
 year = {2007},
 isbn = {978-1-59593-588-5},
 location = {El Paso, Texas, USA},
 pages = {249--255},
 numpages = {7},
 url = {http://doi.acm.org/10.1145/1297144.1297200},
 doi = {10.1145/1297144.1297200},
 acmid = {1297200},
 publisher = {ACM},
 address = {New York, NY, USA},
 keywords = {cognitive walkthrough, evaluation, formal usability inspection, heuristic evaluation, pluralistic usability walkthrough, usability},
} 

@inproceedings{Nielsen:UsabilityInspectionMethods,
 author = {Nielsen, Jakob},
 title = {Usability Inspection Methods},
 booktitle = {Conference Companion on Human Factors in Computing Systems},
 series = {CHI '95},
 year = {1995},
 isbn = {0-89791-755-3},
 location = {Denver, Colorado, USA},
 pages = {377--378},
 numpages = {2},
 url = {http://doi.acm.org/10.1145/223355.223730},
 doi = {10.1145/223355.223730},
 acmid = {223730},
 publisher = {ACM},
 address = {New York, NY, USA},
}

@book{CI-Definition:Booch:1993,
	author = {Booch, Grady},
	title = {Object-oriented Analysis and Design with Applications (2Nd Ed.)},
	year = {1994},
	isbn = {0-8053-5340-2},
	publisher = {Benjamin-Cummings Publishing Co., Inc.},
	address = {Redwood City, CA, USA},
}

@book{Jenkins:Smart:2011,
	author = {John Ferguson Smart},
	title = {Jenkins: The Definitive Guide},
	year = {2011},
	isbn = {978-1-4493-0535-2},
	publisher = {O'Reilly Media},
} 

@ARTICLE{Static_Code_Analysis_def,
author={Wichmann, B.A. and Canning, A.A. and Clutterbuck, D.L. and Winsborrow, L.A. and Ward, N.J. and Marsh, D.W.R.},
journal={Software Engineering Journal},
title={Industrial perspective on static analysis},
year={1995},
month={Mar},
volume={10},
number={2},
pages={69-75},
keywords={safety-critical software;software metrics;software performance evaluation;software quality;software standards;system monitoring;assurance;benefit assesment;industrial perspective;safety critical software;software development;standards;static analysis},
ISSN={0268-6961},}

@book{Static_code_analysis_book_Chess:2007,
 author = {Chess, Brian and West, Jacob},
 title = {Secure Programming with Static Analysis},
 year = {2007},
 isbn = {9780321424778},
 edition = {First},
 publisher = {Addison-Wesley Professional},
} 

@inproceedings{Findbugs,
 author = {Ayewah, Nathaniel and Pugh, William and Morgenthaler, J. David and Penix, John and Zhou, YuQian},
 title = {Evaluating Static Analysis Defect Warnings on Production Software},
 booktitle = {Proceedings of the 7th ACM SIGPLAN-SIGSOFT Workshop on Program Analysis for Software Tools and Engineering},
 series = {PASTE '07},
 year = {2007},
 isbn = {978-1-59593-595-3},
 location = {San Diego, California, USA},
 pages = {1--8},
 numpages = {8},
 url = {http://doi.acm.org/10.1145/1251535.1251536},
 doi = {10.1145/1251535.1251536},
 acmid = {1251536},
 publisher = {ACM},
 address = {New York, NY, USA},
 keywords = {FindBugs, Java, bug patterns, bugs, false positives, software defects, software quality, static analysis},
} 