This file was created with JabRef 2.1.
Encoding: ISO-8859-15

@ARTICLE{Akyildiz2002,
  author = {Ian F. Akyildiz and Weilian Su and Yogesh Sankarasubramaniam and
	Erdal Cayirci},
  title = {A Survey on Sensor Networks},
  journal = {IEEE Communications Magazine},
  year = {2002},
  volume = {2},
  pages = {102--114},
  month = aug,
  owner = {jacobi},
  timestamp = {2006.08.30},
  url = {http://www.cs.colorado.edu/~rhan/CSCI_7143_001_Fall_2002/Papers/Akyildiz2002_SurveySensorNets_01024422.pdf}
}

